<record><leader>00000cas a2200000 a 4500</leader><controlfield tag="001">49224809</controlfield><controlfield tag="007">hd afb---bacp</controlfield><controlfield tag="007">hd bfb---babp</controlfield><controlfield tag="008">020301d195u1974wauwr nea     0    0eng c</controlfield><datafield ind1=" " ind2=" " tag="010"><subfield code="a">  2002252113</subfield></datafield><datafield ind1=" " ind2=" " tag="040"><subfield code="a">WAU</subfield><subfield code="b">eng</subfield><subfield code="c">WAU</subfield><subfield code="d">WAU</subfield><subfield code="d">OCLCQ</subfield><subfield code="d">OCLCF</subfield></datafield><datafield ind1="1" ind2=" " tag="029"><subfield code="a">AU@</subfield><subfield code="b">000023395538</subfield></datafield><datafield ind1=" " ind2=" " tag="042"><subfield code="a">pcc</subfield></datafield><datafield ind1=" " ind2=" " tag="043"><subfield code="a">n-us-wa</subfield></datafield><datafield ind1="0" ind2="0" tag="245"><subfield code="a">Northgate North Seattle journal</subfield><subfield code="h">[microform].</subfield></datafield><datafield ind1=" " ind2=" " tag="260"><subfield code="a">Seattle, Wash. :</subfield><subfield code="b">Northgate Journal</subfield></datafield><datafield ind1=" " ind2=" " tag="300"><subfield code="a">v. :</subfield><subfield code="b">ill.</subfield></datafield><datafield ind1=" " ind2=" " tag="310"><subfield code="a">Weekly</subfield></datafield><datafield ind1="1" ind2=" " tag="362"><subfield code="a">Ceased in 1974.</subfield></datafield><datafield ind1=" " ind2=" " tag="580"><subfield code="a">Merged with: Ballard news tribune (Seattle, Wash. : 1963), University District herald (Seattle, Wash. : 1933), Aurora-Shoreline journal, Seattle shopping news, Penny saver want ads, Insight (Seattle, Wash. : 1974), and: Buyer's guide (Seattle, Wash.); to form: Ballard today, and: University today.</subfield></datafield><datafield ind1=" " ind2=" " tag="588"><subfield code="a">Description based on: Vol. 1, no. 45 (Jan. 8, 1953).</subfield></datafield><datafield ind1=" " ind2=" " tag="588"><subfield code="a">Latest issue consulted: Vol. 10, no. 27 (Aug. 31, 1961).</subfield></datafield><datafield ind1=" " ind2=" " tag="533"><subfield code="a">Microfilm.</subfield><subfield code="b">[Seattle, Wash.] :</subfield><subfield code="c">Filmed for the University of Washington Libraries.</subfield><subfield code="e">7 microfilm reels ; 35 mm.</subfield></datafield><datafield ind1=" " ind2="0" tag="651"><subfield code="a">Seattle (Wash.)</subfield><subfield code="v">Newspapers.</subfield></datafield><datafield ind1=" " ind2="0" tag="651"><subfield code="a">Shoreline (Wash.)</subfield><subfield code="v">Newspapers.</subfield></datafield><datafield ind1=" " ind2="0" tag="651"><subfield code="a">Northgate (Seattle, Wash.)</subfield><subfield code="v">Newspapers.</subfield></datafield><datafield ind1=" " ind2="0" tag="651"><subfield code="a">North City (Shoreline, Wash.)</subfield><subfield code="v">Newspapers.</subfield></datafield><datafield ind1=" " ind2="0" tag="651"><subfield code="a">Lake City (Seattle, Wash.)</subfield><subfield code="v">Newspapers.</subfield></datafield><datafield ind1=" " ind2="0" tag="651"><subfield code="a">Greenwood (Seattle, Wash.)</subfield><subfield code="v">Newspapers.</subfield></datafield><datafield ind1=" " ind2="0" tag="651"><subfield code="a">Lake Forest Park (Wash.)</subfield><subfield code="v">Newspapers.</subfield></datafield><datafield ind1=" " ind2="0" tag="651"><subfield code="a">Haller Lake (Seattle, Wash.)</subfield><subfield code="v">Newspapers.</subfield></datafield><datafield ind1=" " ind2="0" tag="651"><subfield code="a">North Park (Seattle, Wash.)</subfield><subfield code="v">Newspapers.</subfield></datafield><datafield ind1=" " ind2="0" tag="651"><subfield code="a">Green Lake (Seattle, Wash.)</subfield><subfield code="v">Newspapers.</subfield></datafield><datafield ind1=" " ind2="0" tag="651"><subfield code="a">Mountlake Terrace (Wash.)</subfield><subfield code="v">Newspapers.</subfield></datafield><datafield ind1=" " ind2="0" tag="651"><subfield code="a">Broadview (Seattle, Wash.)</subfield><subfield code="v">Newspapers.</subfield></datafield><datafield ind1=" " ind2="7" tag="655"><subfield code="a">Community newspapers</subfield><subfield code="z">Washington (State)</subfield><subfield code="z">Seattle.</subfield><subfield code="2">ngl</subfield></datafield><datafield ind1=" " ind2="7" tag="655"><subfield code="a">Community newspapers</subfield><subfield code="z">Washington (State)</subfield><subfield code="z">Shoreline.</subfield><subfield code="2">ngl</subfield></datafield><datafield ind1=" " ind2="7" tag="655"><subfield code="a">Community newspapers</subfield><subfield code="z">Washington (State)</subfield><subfield code="z">Mountlake Terrace.</subfield><subfield code="2">ngl</subfield></datafield><datafield ind1=" " ind2="7" tag="655"><subfield code="a">Newspapers.</subfield><subfield code="2">fast</subfield><subfield code="0">(OCoLC)fst01423814</subfield></datafield><datafield ind1=" " ind2="7" tag="651"><subfield code="a">Washington (State)</subfield><subfield code="z">Lake Forest Park.</subfield><subfield code="2">fast</subfield><subfield code="0">(OCoLC)fst01225966</subfield></datafield><datafield ind1=" " ind2="7" tag="651"><subfield code="a">Washington (State)</subfield><subfield code="z">Mountlake Terrace.</subfield><subfield code="2">fast</subfield><subfield code="0">(OCoLC)fst01214332</subfield></datafield><datafield ind1=" " ind2="7" tag="651"><subfield code="a">Washington (State)</subfield><subfield code="z">Seattle.</subfield><subfield code="2">fast</subfield><subfield code="0">(OCoLC)fst01204940</subfield></datafield><datafield ind1=" " ind2="7" tag="651"><subfield code="a">Washington (State)</subfield><subfield code="z">Seattle</subfield><subfield code="z">Broadview.</subfield><subfield code="2">fast</subfield><subfield code="0">(OCoLC)fst01328213</subfield></datafield><datafield ind1=" " ind2="7" tag="651"><subfield code="a">Washington (State)</subfield><subfield code="z">Seattle</subfield><subfield code="z">Green Lake.</subfield><subfield code="2">fast</subfield><subfield code="0">(OCoLC)fst01325404</subfield></datafield><datafield ind1=" " ind2="7" tag="651"><subfield code="a">Washington (State)</subfield><subfield code="z">Seattle</subfield><subfield code="z">Greenwood.</subfield><subfield code="2">fast</subfield><subfield code="0">(OCoLC)fst01326696</subfield></datafield><datafield ind1=" " ind2="7" tag="651"><subfield code="a">Washington (State)</subfield><subfield code="z">Seattle</subfield><subfield code="z">Haller Lake.</subfield><subfield code="2">fast</subfield><subfield code="0">(OCoLC)fst01326982</subfield></datafield><datafield ind1=" " ind2="7" tag="651"><subfield code="a">Washington (State)</subfield><subfield code="z">Seattle</subfield><subfield code="z">Lake City.</subfield><subfield code="2">fast</subfield><subfield code="0">(OCoLC)fst01317553</subfield></datafield><datafield ind1=" " ind2="7" tag="651"><subfield code="a">Washington (State)</subfield><subfield code="z">Seattle</subfield><subfield code="z">North Park.</subfield><subfield code="2">fast</subfield><subfield code="0">(OCoLC)fst01326989</subfield></datafield><datafield ind1=" " ind2="7" tag="651"><subfield code="a">Washington (State)</subfield><subfield code="z">Seattle</subfield><subfield code="z">Northgate.</subfield><subfield code="2">fast</subfield><subfield code="0">(OCoLC)fst01326985</subfield></datafield><datafield ind1=" " ind2="7" tag="651"><subfield code="a">Washington (State)</subfield><subfield code="z">Shoreline.</subfield><subfield code="2">fast</subfield><subfield code="0">(OCoLC)fst01296131</subfield></datafield><datafield ind1=" " ind2="7" tag="651"><subfield code="a">Washington (State)</subfield><subfield code="z">Shoreline</subfield><subfield code="z">North City.</subfield><subfield code="2">fast</subfield><subfield code="0">(OCoLC)fst01326984</subfield></datafield><datafield ind1=" " ind2=" " tag="752"><subfield code="a">United States</subfield><subfield code="b">Washington</subfield><subfield code="c">King</subfield><subfield code="d">Seattle.</subfield></datafield><datafield ind1="0" ind2="0" tag="780"><subfield code="t">Northgate journal</subfield><subfield code="w">(DLC)  2002252112</subfield></datafield><datafield ind1="1" ind2="7" tag="785"><subfield code="t">Ballard news tribune (Seattle, Wash. : 1963)</subfield><subfield code="w">(DLC)  2002252141</subfield><subfield code="w">(OCoLC)42344042</subfield></datafield><datafield ind1="1" ind2="7" tag="785"><subfield code="t">University District herald (Seattle, Wash. : 1933)</subfield><subfield code="w">(DLC)  2002252122</subfield></datafield><datafield ind1="1" ind2="7" tag="785"><subfield code="t">Aurora-Shoreline journal</subfield></datafield><datafield ind1="1" ind2="7" tag="785"><subfield code="t">Seattle shopping news</subfield></datafield><datafield ind1="1" ind2="7" tag="785"><subfield code="t">Penny saver want ads</subfield></datafield><datafield ind1="1" ind2="7" tag="785"><subfield code="t">Insight (Seattle, Wash. : 1974)</subfield></datafield><datafield ind1="1" ind2="7" tag="785"><subfield code="t">Buyer's guide (Seattle, Wash.)</subfield></datafield><datafield ind1="1" ind2="7" tag="785"><subfield code="t">Ballard today</subfield><subfield code="w">(DLC)  2002252142</subfield><subfield code="w">(OCoLC)49224597</subfield></datafield><datafield ind1="1" ind2="7" tag="785"><subfield code="t">University today</subfield><subfield code="w">(DLC)  2002252116</subfield></datafield></record>